@article{avants,
  title={An open source multivariate framework for n-tissue segmentation with evaluation on public data},
  author={Avants, Brian B and Tustison, Nicholas J and Wu, Jue and Cook, Philip A and Gee, James C},
  journal={Neuroinformatics},
  volume={9},
  number={4},
  pages={381--400},
  year={2011},
  publisher={Springer}
}
@article{tustison,
  title={Large-Scale Evaluation of ANTs and FreeSurfer Cortical Thickness Measurements},
  author={Tustison, Nicholas J and Cook, Philip A and Klein, Arno and Song, Gang and Das, Sandhitsu R and Duda, Jeffrey T and Kandel, Benjamin M and van Strien, Niels and Stone, James R and Gee, James C and others},
  journal={NeuroImage},
  year={2014},
  publisher={Elsevier}
}